@article{Boyle1997MonteCM,
  title={Monte Carlo methods for security pricing},
  author={ Mark Broadie and Paul Glasserman},
  journal={Journal of Economic Dynamics and Control},
  year={1997},
  volume={21},
  pages={1267-1321}
}

@article{BergomiSVM,
  author = {Lorenzo Bergomi},
  journal = {CRC/Chapman \& Hall},
  year = {2016},
  title = {Stochastic Volatility Modeling}
}

@article{Joy1996QuasiMonteCM,
  title={Quasi-Monte Carlo Methods in Numerical Finance},
  author={C Nwabueze Joy and Phelim P. Boyle and Ken Seng Tan},
  journal={Management Science},
  year={1996},
  volume={42},
  pages={926-938}
}

@article{Analysis,
  author = {Andreas Garborg Sie and Jonas Blom Helmersen},
  journal = {Norwegian School of Economics
Bergen},
  year = {2021},
  title = {Analysis of Autocallable Notes}
}

@article{Linnainmaa,
  author = {Henri Linnainmaa},
  journal = {TAMPERE UNIVERSITY OF TECHNOLOGY},
  year = {2013},
  title = {Calibration and Implementation of Stochastic Volatility Models for Pricing Autocallable Structures}
}
